<record><leader>00000cas a2200000 a 4500</leader><controlfield tag="001">12396169</controlfield><controlfield tag="008">850817d18941909ksuwr ne      0    0eng d</controlfield><datafield ind1=" " ind2=" " tag="010"><subfield code="a">sn 85032001 </subfield></datafield><datafield ind1=" " ind2=" " tag="040"><subfield code="a">KSH</subfield><subfield code="b">eng</subfield><subfield code="c">KSH</subfield><subfield code="d">NPT</subfield><subfield code="d">OCL</subfield><subfield code="d">OCLCQ</subfield></datafield><datafield ind1=" " ind2=" " tag="042"><subfield code="a">msc</subfield></datafield><datafield ind1="0" ind2="4" tag="245"><subfield code="a">The Atwood patriot.</subfield></datafield><datafield ind1=" " ind2=" " tag="260"><subfield code="a">Atwood, Kan. :</subfield><subfield code="b">Atwood Pub. Co.,</subfield><subfield code="c">1894-1909.</subfield></datafield><datafield ind1=" " ind2=" " tag="300"><subfield code="a">15 v. :</subfield><subfield code="b">ill. ;</subfield><subfield code="c">64 cm.</subfield></datafield><datafield ind1=" " ind2=" " tag="310"><subfield code="a">Weekly</subfield></datafield><datafield ind1="0" ind2=" " tag="362"><subfield code="a">Vol. 9, no. 28 (June 15, 1894)-v. 24, no. 25 (Oct. 14, 1909).</subfield></datafield><datafield ind1=" " ind2=" " tag="500"><subfield code="a">Publisher varies.</subfield></datafield><datafield ind1=" " ind2=" " tag="500"><subfield code="a">Includes masthead of Rawlins County democrat (Atwood, Kan. : 1890)--June 15-22, 1894.</subfield></datafield><datafield ind1=" " ind2=" " tag="752"><subfield code="a">United States</subfield><subfield code="b">Kansas</subfield><subfield code="c">Rawlins</subfield><subfield code="d">Atwood.</subfield></datafield><datafield ind1="0" ind2="4" tag="780"><subfield code="t">Times (Atwood, Kan.)</subfield><subfield code="w">(DLC)sn 85032003</subfield></datafield><datafield ind1="0" ind2="4" tag="780"><subfield code="t">Rawlins County democrat (Atwood, Kan. : 1890)</subfield><subfield code="w">(DLC)sn 85032002</subfield></datafield><datafield ind1="0" ind2="7" tag="785"><subfield code="t">Republican citizen (Atwood, Kan.)</subfield><subfield code="w">(DLC)sn 85031999</subfield></datafield><datafield ind1="0" ind2="7" tag="785"><subfield code="t">Republican citizen and the Atwood patriot</subfield><subfield code="w">(DLC)sn 85031998</subfield></datafield></record>